@online{ftcs_scheme,
  author    = {{Wikipedia contributors}},
  title     = {FTCS scheme},
  year      = {2025},
  url       = {https://en.wikipedia.org/wiki/FTCS_scheme},
  urldate   = {2025-04-27}
}

@book{tannehill1997,
  author    = {Tannehill, John C. and Anderson, Dale A. and Pletcher, Richard H.},
  title     = {Computational Fluid Mechanics and Heat Transfer},
  edition   = {2},
  year      = {1997},
  publisher = {Taylor \& Francis},
  address   = {Washington, D.C.},
  isbn      = {1-56032-046-X}
}

@online{solving_pde_mooc,
  author    = {Knaepen, Bernard and Velizhanina, Yelyzaveta},
  title     = {Numerical Methods for Partial Differential Equations (Solving PDE MOOC)},
  year      = {2025},
  url       = {https://github.com/aquaULB/solving_pde_mooc},
  urldate   = {2025-04-27},
  note      = {GitHub repository, MIT licence}
}

@online{heat_eq_implicit,
  author    = {Knaepen, Bernard and Velizhanina, Yelyzaveta},
  title     = {One Dimensional Heat Equation: Implicit Methods},
  year      = {2022},
  url       = {https://aquaulb.github.io/book_solving_pde_mooc/solving_pde_mooc/notebooks/04_PartialDifferentialEquations/04_04_Diffusion_Implicit.html},
  urldate   = {2025-04-27},
  note      = {Part of the Jupyter Book “Solving Partial Differential Equations – MOOC”}
}