@article{aleksejenko2012,
  title   = {The united geodetic vertical network of Latvia and Lithuania},
  author  = {Aleksejenko, I. and Sakne, J. and Kalinka, M. and Reiniks, M. and Kalantaite, A. and Krikstaponis, B. and Parseliunas, E. K. and Petroskevicius, P. and Viskontas, P.},
  journal = {Geodesy and Cartography},
  volume  = {38},
  number  = {1},
  pages   = {9--19},
  year    = {2012},
  doi     = {10.3846/20296991.2012.679800}
}

@article{earth_rotation_velocity,
author = {Petit, GÃ©rard and Luzum, Brian},
year = {2010},
month = {01},
pages = {180},
title = {IERS conventions (2010)},
volume = {36},
journal = {Tech. Rep. DTIC Document}
}