@book{Reichmann1961,
author = {Reichmann, W. J.},
title = {Use and Abuse of Statistics},
publisher = {Methuen},
year = {1961},
note = {Reprinted 1964--1970 by Pelican. Appendix 8}
}